@Book{xie2015,
  title = {Dynamic Documents with {R} and knitr},
  author = {Yihui Xie},
  publisher = {Chapman and Hall/CRC},
  address = {Boca Raton, Florida},
  year = {2015},
  edition = {2nd},
  note = {ISBN 978-1498716963},
  url = {http://yihui.name/knitr/},
}

@article{genemania,
  title={The GeneMANIA prediction server: biological network integration for gene prioritization and predicting gene function},
  author={Warde-Farley, David and Donaldson, Sylva L and Comes, Ovi and Zuberi, Khalid and Badrawi, Rashad and Chao, Pauline and Franz, Max and Grouios, Chris and Kazi, Farzana and Lopes, Christian Tannus and others},
  journal={Nucleic acids research},
  volume={38},
  number={suppl\_2},
  pages={W214--W220},
  year={2010},
  publisher={Oxford University Press}
}